@inproceedings{hoegaerts2004comparison,
	title={A comparison of pruning algorithms for sparse least squares support vector machines},
	author={Hoegaerts, Luc and Suykens, Johan AK and Vandewalle, Joos and De Moor, Bart},
	booktitle={International Conference on Neural Information Processing},
	pages={1247--1253},
	year={2004},
	organization={Springer}
}

@inproceedings{suykens2000sparse,
	title={Sparse approximation using least squares support vector machines},
	author={Suykens, Johan AK and Lukas, Lukas and Vandewalle, Joos},
	booktitle={2000 IEEE International Symposium on Circuits and Systems. Emerging Technologies for the 21st Century. Proceedings (IEEE Cat No. 00CH36353)},
	volume={2},
	pages={757--760},
	year={2000},
	organization={IEEE}
}

@article{girolami2002orthogonal,
	title={Orthogonal series density estimation and the kernel eigenvalue problem},
	author={Girolami, Mark},
	journal={Neural computation},
	volume={14},
	number={3},
	pages={669--688},
	year={2002},
	publisher={MIT Press}
}

@book{suykens2002least,
	title={Least Squares Support Vector Machines},
	author={Suykens, Johan AK and Van Gestel, Tony and De Brabanter, Jos},
	year={2002},
	publisher={World Scientific}
}

@article{kulesza2012determinantal,
	title={Determinantal point processes for machine learning},
	author={Kulesza, Alex and Taskar, Ben and others},
	journal={Foundations and Trends{\textregistered} in Machine Learning},
	volume={5},
	number={2--3},
	pages={123--286},
	year={2012},
	publisher={Now Publishers, Inc.}
}

@inproceedings{kulesza2011k,
	title={k-DPPs: Fixed-size determinantal point processes},
	author={Kulesza, Alex and Taskar, Ben},
	booktitle={Proceedings of the 28th International Conference on Machine Learning (ICML-11)},
	pages={1193--1200},
	year={2011}
}

@article{borodin2009determinantal,
	title={Determinantal point processes},
	author={Borodin, Alexei},
	journal={arXiv preprint arXiv:0911.1153},
	year={2009}
}

@article{debruyne2009robustified,
	title={Robustified least squares support vector classification},
	author={Debruyne, Michiel and Serneels, Sven and Verdonck, Tim},
	journal={Journal of Chemometrics: A Journal of the Chemometrics Society},
	volume={23},
	number={9},
	pages={479--486},
	year={2009},
	publisher={Wiley Online Library}
}

@article{chen2018sparse,
	title={Sparse algorithm for robust LSSVM in primal space},
	author={Chen, Li and Zhou, Shuisheng},
	journal={Neurocomputing},
	volume={275},
	pages={2880--2891},
	year={2018},
	publisher={Elsevier}
}

@article{yang2014robust,
	title={A robust least squares support vector machine for regression and classification with noise},
	author={Yang, Xiaowei and Tan, Liangjun and He, Lifang},
	journal={Neurocomputing},
	volume={140},
	pages={41--52},
	year={2014},
	publisher={Elsevier}
}

@article{qi2013robust,
	title={Robust twin support vector machine for pattern classification},
	author={Qi, Zhiquan and Tian, Yingjie and Shi, Yong},
	journal={Pattern Recognition},
	volume={46},
	number={1},
	pages={305--316},
	year={2013},
	publisher={Elsevier}
}

@article{yang2014sparse,
	title={Sparse least square support vector machine via coupled compressive pruning},
	author={Yang, Lixia and Yang, Shuyuan and Zhang, Rui and Jin, Honghong},
	journal={Neurocomputing},
	volume={131},
	pages={77--86},
	year={2014},
	publisher={Elsevier}
}

@article{geebelen2012reducing,
	title={Reducing the number of support vectors of SVM classifiers using the smoothed separable case approximation},
	author={Geebelen, Dries and Suykens, Johan AK and Vandewalle, Joos},
	journal={IEEE Transactions on Neural Networks and Learning Systems},
	volume={23},
	number={4},
	pages={682--688},
	year={2012},
	publisher={IEEE}
}

@inproceedings{hoegaerts2004comparison,
	title={A comparison of pruning algorithms for sparse least squares support vector machines},
	author={Hoegaerts, Luc and Suykens, Johan AK and Vandewalle, Joos and De Moor, Bart},
	booktitle={International Conference on Neural Information Processing},
	pages={1247--1253},
	year={2004},
	organization={Springer}
}

@article{suykens2002weighted,
	title={Weighted least squares support vector machines: robustness and sparse approximation},
	author={Suykens, Johan AK and De Brabanter, Jos and Lukas, Lukas and Vandewalle, Joos},
	journal={Neurocomputing},
	volume={48},
	number={1-4},
	pages={85--105},
	year={2002},
	publisher={Elsevier}
}

@article{liu2011weighted,
	title={A weighted Lq adaptive least squares support vector machine classifiers--Robust and sparse approximation},
	author={Liu, Jingli and Li, Jianping and Xu, Weixuan and Shi, Yong},
	journal={Expert Systems with Applications},
	volume={38},
	number={3},
	pages={2253--2259},
	year={2011},
	publisher={Elsevier}
}